@misc{privCom,
  author = {Seidl, Helmut and Kocal, Ali Rasim and Schwarz, Michael},
  howpublished = {private communications},
  note = {repeated communication since March 2024 until October 2024}
}

% maybe useful (from BA thesis)
@book{cousot2021principles,
  title={Principles of Abstract Interpretation},
  author={Cousot, Patrick},
  year={2021},
  publisher={MIT Press}
}

@book{rival2020introduction,
  title={Introduction to static analysis: an abstract interpretation perspective},
  author={Rival, Xavier and Yi, Kwangkeun},
  year={2020},
  publisher={Mit Press}
}

@inproceedings{apinis2012side,
  title={Side-effecting constraint systems: a swiss army knife for program analysis},
  author={Apinis, Kalmer and Seidl, Helmut and Vojdani, Vesal},
  booktitle={Asian Symposium on Programming Languages and Systems},
  pages={157--172},
  year={2012},
  organization={Springer}
}

@phdthesis{apinis2014frameworks,
  title={Frameworks for analyzing multi-threaded C},
  author={Apinis, Kalmer},
  year={2014},
  school={Technische Universit{\"a}t M{\"u}nchen}
}

% Sites/Repositories
@misc{svBench,
  title = {SV-Benchmarks},
  author = {sosy-lab},
  organization = {sosy-lab},
  howpublished = {\url{https://gitlab.com/sosy-lab/benchmarking/sv-benchmarks}},
  note = {Last Accessed: 2023-02-01}
}

@misc{gnuCoreutils,
  title = {Coreutils - GNU core utilities},
  author = {GNU},
  organization = {GNU Operating System},
  howpublished = {\url{https://www.gnu.org/software/coreutils/}},
  note = {Last Accessed: 2023-02-01}
}

@misc{goblintHome,
  title = {Goblint - A static analyzer for multi-threaded C programs, specializing in finding concurrency bugs},
  author = {Goblint},
  organization = {Goblint},
  howpublished = {\url{https://goblint.in.tum.de/home}},
  note = {Last Accessed: 2023-02-01}
}

@misc{goblintCil,
  title = {C Intermediate Language (CIL)},
  author = {Cil},
  organization = {Goblint},
  howpublished = {\url{https://github.com/goblint/cil}},
  note = {Last Accessed: 2023-02-01}
}

@misc{goblintBench,
  title = {Goblint benchmark suite},
  author = {Goblint},
  organization = {Goblint},
  howpublished = {\url{https://github.com/goblint/bench}},
  note = {Last Accessed: 2023-02-01}
}

% related Work
@inproceedings{blass2019gpu,
  title={GPU-accelerated fixpoint algorithms for faster compiler analyses},
  author={Bla{\ss}, Thorsten and Philippsen, Michael},
  booktitle={Proceedings of the 28th International Conference on Compiler Construction},
  pages={122--134},
  year={2019}
}

@inproceedings{van2020parallel,
  title={A parallel worklist algorithm for modular analyses},
  author={Van Es, Noah and Sti{\'e}venart, Quentin and Van der Plas, Jens and De Roover, Coen},
  booktitle={2020 IEEE 20th International Working Conference on Source Code Analysis and Manipulation (SCAM)},
  pages={1--12},
  year={2020},
  organization={IEEE}
}

@inproceedings{aiken2007overview,
  title={An overview of the Saturn project},
  author={Aiken, Alex and Bugrara, Suhabe and Dillig, Isil and Dillig, Thomas and Hackett, Brian and Hawkins, Peter},
  booktitle={Proceedings of the 7th ACM SIGPLAN-SIGSOFT workshop on Program analysis for software tools and engineering},
  pages={43--48},
  year={2007}
}
